@article{Vinogradov2003,
  author    = {Alexander E. Vinogradov},
  title     = {DNA helix: the importance of being GC-rich},
  journal   = {Nucleic Acids Research},
  year      = {2003},
  volume    = {31},
  number    = {7},
  pages     = {1838-1844},
  note      = {Received January 21, 2003; Revised and Accepted February 12, 2003},
  publisher = {Oxford University Press},
  address   = {Tikhoretsky Avenue 4, St Petersburg 194064, Russia},
  doi       = {10.1093/nar/gkg296},
}

